2994 4445
1049 514 1380 582 PENSUM
1433 515 1860 582 OCTAVUM

361 697 409 753 lf
437 713 471 752 a
501 697 802 754 declinable
827 699 1073 753 numeral
1112 713 1296 754 comes
1330 700 1574 755 between
1611 699 1704 754 the
1741 719 1875 755 noun
1911 699 2050 754 mille
2086 698 2196 755 and
2232 699 2326 755 the
2367 713 2514 754 noun
2551 700 2597 754 it

292 781 558 848 walmes,
585 796 656 836 no
679 780 940 837 Genitive
961 781 1072 836 will
1118 783 1185 837 be
1228 782 1526 850 governed‚
1559 797 1677 838 as:
1725 783 1949 838 fabricae
1994 784 2117 838 istae
2163 782 2368 839 habent
2411 784 2596 852 plures

294 879 459 933 quam
484 864 593 920 duo
618 865 784 920 millia
809 864 863 920 δι
890 866 1214 932 quingentas
1240 868 1399 920 rotas.

953 1080 1412 1146 EXERCITIA
1459 1081 1954 1147 SCRIBENDA

1002 1196 1109 1254 AD
1139 1197 1448 1257 PENSUM
1473 1197 1894 1257 OCTAVUM.

390 1314 445 1362 1.
497 1297 668 1378 Lege
722 1296 783 1362 δι
840 1298 1005 1361 adde
1067 1299 1251 1378 (read
1282 1299 1409 1361 and
1441 1299 1623 1378 add).
1678 1316 1813 1377 111,
1870 1301 2006 1377 178,
2055 1300 2201 1381 298,
2256 1297 2397 1377 562,
2441 1298 2595 1379 989

308 1396 486 1478 1236.
492 1432 578 1444 -
599 1412 661 1461 2.
740 1396 919 1477 Quae
979 1404 1080 1462 est
1137 1416 1392 1462 summa
1450 1401 1677 1462 horum
1741 1416 2195 1462 numerorum·
2274 1413 2372 1476 37,
2448 1398 2594 1478 899;

308 1513 448 1574 174,
454 1512 606 1578 9103
640 1497 783 1575 846,
796 1513 938 1577 3243
989 1511 1129 1578 553,
1134 1498 1285 1576 608;
1312 1516 1457 1580 914,
1462 1514 1613 1576 0003
1667 1513 1773 1561 101
1787 1498 2121 1578 00·3.?-3
2171 1497 2235 1561 Si
2265 1516 2302 1560 e
2333 1502 2598 1560 centum

307 1597 365 1660 81
393 1597 604 1661 tribus
635 1598 916 1661 millibus
944 1599 1330 1679 octingentis
1375 1605 1442 1661 et
1481 1599 1709 1679 viginti
1747 1598 1999 1662 duobus
2044 1598 2361 1660 demimus
2411 1614 2598 1659 sexa·

303 1697 482 1777 ginta
515 1695 576 1761 81
608 1703 860 1780 septem
896 1699 1093 1761 millia
1122 1699 1478 1779 quingenta
1513 1698 1573 1761 81
1604 1698 2356 1779 undeviginti2quantum
2378 1714 2597 1777 super·

306 1802 412 1859 est
445 1796 617 1875 ?—4
662 1795 939 1876 Quanto
979 1803 1083 1862 est
1127 1800 1272 1879 plus
1302 1798 1527 1879 viginti
1559 1798 1619 1861 81
1649 1798 1775 1861 duo
1805 1815 1998 1877 quam
2031 1797 2464 1877 duodeviginti
2488 1796 2608 1858 ?—‘-

311 1908 366 1975 5.
416 1894 602 1976 Quot
630 1902 976 1961 centusses
1007 1897 1068 1960 &
1100 1899 1351 1961 libellas
1380 1900 1582 1961 habet
1612 1899 1665 1960 is
1714 1899 1886 1976 (he),
1911 1899 2012 1960 cui
2041 1903 2196 1960 sunt
2240 1900 2337 1976 (to
2383 1898 2596 1958 whom

304 1998 489 2059 there
513 2014 646 2074 are,
669 1997 718 2061 i.
738 2015 818 2070 e„
839 2000 989 2061 who
1014 1998 1168 2076 has)
1188 2002 1324 2061 tres
1343 1998 1615 2061 tesserae
1634 1998 2018 2080 argentariae
2041 1997 2364 2059 centussis
2382 1996 2597 2071 uniuS‚

305 2095 430 2159 duo
473 2097 1030 2176 semi-centusseS,
1080 2115 1196 2160 sex
1239 2097 1661 2177 quadrantes,
1709 2103 1960 2180 septem
2006 2098 2272 2173 denarii,
2319 2096 2599 2175 quinque

304 2196 575 2276 quinarii
604 2201 802 2278 atque
832 2201 969 2261 tres
998 2198 1232 2262 libellae
1265 2197 1442 2262 ?-6.
1491 2196 1557 2261 Si
1587 2203 1806 2262 autem
1840 2197 2182 2261 adimimus
2211 2197 2268 2259 ei
2314 2196 2504 2275 (Dat.
2537 2195 2606 2258 of

306 2296 362 2361 is
379 2316 406 2375 ,·
435 2296 483 2359 if
509 2314 612 2359 we
640 2297 798 2361 take
828 2316 1024 2379 away
1052 2298 1214 2361 from
1246 2299 1411 2379 him)
1469 2303 1843 2362 centussem
1875 2299 2239 2374 semissem,
2284 2302 2602 2376 quantum

307 2397 509 2460 habet
547 2396 722 2474 ?-7.
773 2396 839 2460 Si
896 2398 1150 2462 duobus
1205 2398 1623 2463 centussibus
1665 2398 1961 2460 addimus
2002 2404 2138 2460 tres
2180 2397 2596 2476 quadranteS,

308 2512 508 2558 unum
539 2496 871 2561 denarium
903 2503 971 2560 et
999 2504 1134 2561 tres
1151 2499 1502 2578 quinarios,
1529 2497 1645 2560 sed
1666 2498 1983 2560 demimus
2008 2498 2596 2572 semi-centussem,

307 2613 455 2676 quae
485 2614 740 2660 summa
770 2602 1071 2679 superest
1099 2597 1276 2662 ?—8.
1328 2596 1516 2677 Quot
1545 2602 1700 2661 sunt
1730 2598 2015 2661 unitates
2057 2598 2123 2659 in
2167 2596 2456 2659 centussi
2489 2594 2604 2657 ?—

308 2697 457 2776 quid
501 2703 816 2761 vocantur
838 2697 1016 2779 ?—9.
1066 2695 1332 2777 Quotus
1361 2703 1467 2761 est
1496 2714 1806 2761 numerus
1828 2698 1935 2778 qui
1965 2702 2069 2761 est
2090 2702 2236 2779 post
2268 2695 2605 2775 nonagesi-

311 2813 484 2859 mum
505 2802 574 2860 et
594 2814 832 2860 nonum
858 2797 882 2859 ἓ
932 2796 1068 2877 Qui
1090 2815 1398 2862 numerus
1417 2803 1522 2862 est
1534 2804 1689 2861 ante
1709 2799 1881 2860 hunc
1905 2797 2122 2860 ?—10.
2157 2794 2343 2875 Quot
2360 2794 2601 2857 denarii

310 2902 465 2958 sunt
492 2897 556 2959 in
586 2897 1157 2977 quincentussibus
1181 2897 1326 2960 ?—1
1345 2914 1398 2961 1.
1490 2895 1677 2976 Quot
1698 2897 2093 2978 quadrantes
2116 2898 2177 2960 in
2202 2894 2604 2958 decentussi·

310 2997 434 3058 bus
465 2995 682 3061 ?-1'2.
733 2995 918 3076 Quot
933 2998 1204 3077 quinarii
1224 2997 1511 3065 efficiunt
1532 2998 1805 3061 bismille
1819 3003 2166 3061 sexcentos
2186 2995 2601 3077 septuaginta

313 3092 374 3158 δι
405 3112 639 3159 novem
670 3102 1013 3162 centusses
1042 3101 1238 3178 atque
1268 3098 1696 3179 quadraginta
1731 3098 1789 3161 81
1817 3098 2101 3178 quinque
2134 3094 2428 3160 libellas?

1453 3980 1518 4035 ⁴3
