2994 4445
1266 494 1711 560 PALAESTRA

482 683 790 734 ῦεΝιτινε
826 685 1006 735 slNG.
1615 685 1923 736 GENJTWE
1959 688 2212 740 PLURAL

350 779 474 841 duo
1303 782 1589 851 duorum,
1758 783 2047 854 duarum,
2216 787 2481 848 duorum

348 867 481 924 tres
560 782 712 1022 }no
743 862 1049 942 singular,
1304 861 1641 933 amborum,
1756 863 2097 939 ambarum,
2212 868 2530 934 amborum

350 947 541 1008 ambo
1305 945 1495 1007 trium
1579 961 1792 1004 Authree
1811 965 2008 1014 genders

415 1060 759 1129 Adiectieves
782 1063 841 1116 of
858 1064 991 1117 three
1007 1060 1242 1181 endinffs
1264 1081 1340 1122 us.
1367 1081 1418 1124 a,
1442 1082 1526 1139 uqn
1550 1062 1659 1115 and
1683 1081 1752 1123 er.
1781 1083 1830 1126 a,
1870 1084 1952 1119 um
1989 1080 2094 1138 are.
2115 1065 2351 1122 declined
2392 1069 2501 1124 like
2540 1070 2674 1126 the

294 1208 301 1215 ·
351 1143 531 1182 nouns
556 1130 613 1183 of
627 1129 719 1183 the
736 1127 799 1191 Ι..
825 1128 935 1183 and
960 1129 1018 1182 of
1042 1128 1133 1182 the
1160 1127 1176 1183 1
1210 1166 1246 1193 .‚
1272 1128 1632 1192 deciension3‚
1658 1130 1790 1193 viz.,
1815 1150 1873 1184 us
1897 1132 2104 1188 andum
2120 1135 2172 1187 in
2200 1133 2286 1198 ll..
2304 1156 2338 1190 a
2360 1137 2413 1189 in
2442 1136 2504 1202 1.,
2523 1152 2664 1194 αλιι

1119 1244 1186 1307 ΙΙ.
1669 1245 1711 1308 Ι.
2195 1250 2264 1313 11.

516 1361 700 1426 Nom.
737 1378 791 1425 s,
1037 1363 1261 1441 longus
1586 1363 1773 1442 longa
2146 1367 2399 1447 longum

515 1443 689 1509 Gen.
1039 1445 1214 1524 longi
1587 1447 1790 1525 longae
2145 1449 2321 1530 longi

516 1529 666 1593 Acc.
1038 1529 1293 1608 longum
1590 1530 1839 1608 longam
2144 1534 2399 1614 longum

516 1612 701 1675 Nom.
736 1611 822 1693 pl.
1039 1611 1216 1691 longi
1589 1612 1792 1692 longoe
2145 1618 2332 1697 longa
2375 1635 2384 1648 ¹

515 1693 690 1759 Gen.
1042 1697 1364 1775 longorum
1592 1696 1917 1776 longarum
2143 1700 2467 1781 longorum

513 1780 665 1842 Ace.
1047 1781 1261 1860 longos
1596 1780 1813 1859 longas
1969 1814 1986 1834 .
2143 1783 2331 1866 longa

414 1910 729 1979 Adiectives
752 1913 810 1966 of
845 1920 941 1968 two
964 1910 1217 1978 endings‚
1244 1910 1352 1965 like
1376 1912 1577 1975 brevis,
1595 1933 1640 1976 e,
1667 1926 1757 1966 are
1780 1910 2019 1968 declined
2043 1915 2097 1968 in
2127 1913 2214 1969 111.
2245 1915 2541 1988 Example:

704 2047 784 2093 m.
818 2028 890 2092 ἃ
903 2026 959 2111 f.
1104 2047 1163 2092 n.
1955 2049 2035 2095 m.
2068 2031 2140 2095 ἃ
2155 2030 2210 2114 f.
2409 2053 2474 2098 n.

350 2129 531 2193 Nom.
562 2147 617 2191 s,
719 2128 937 2192 brevis
1065 2130 1257 2191 breve
1567 2129 1752 2193 Nom.
1788 2131 1874 2210 pl.
1965 2131 2200 2195 breves
2335 2135 2563 2199 brevia

349 2211 525 2276 Gen.
717 2212 934 2277 brevis
1062 2212 1280 2277 brevis
1562 2211 1736 2278 Gen.
1966 2215 2260 2280 brevium
2333 2219 2640 2285 brevium

348 2299 499 2360 Ace.
715 2300 967 2360 brevem
1054 2298 1245 2359 breve
1560 2299 1710 2360 Ace.
1966 2301 2188 2363 breves
2330 2303 2558 2366 brevia

415 2428 499 2487 No
524 2430 823 2499 adiectives
845 2430 1043 2496 belong
1065 2434 1121 2485 to
1145 2450 1242 2497 any
1254 2430 1407 2485 other
1427 2429 1754 2486 deciension.

991 2545 1444 2609 EXERCITIA
1492 2544 2003 2637 SCRIBENDA.

1092 2653 1182 2702 AD
1219 2653 1490 2703 PENSUM
1525 2652 1878 2712 QUARTUM.
1941 2716 1947 2723 .

437 2768 490 2814 1.
582 2748 758 2829 Quid
790 2750 943 2812 facit
967 2754 1066 2811 rot
1098 2796 1113 2812 .
1152 2796 1167 2811 .
1201 2747 1376 2810 ?——2.
1469 2745 1647 2826 Quid
1678 2746 1832 2810 facit
1875 2765 2016 2811 curr
2053 2797 2068 2812 .
2108 2796 2123 2812 .
2150 2748 2360 2830 ?*—3.
2450 2750 2630 2831 Quid

347 2858 450 2916 est
507 2851 704 2913 rheda
738 2847 1513 2930 R—plaustrum?—-pabo
1544 2848 1718 2925 ?-4.
1809 2845 1987 2926 Quid
2031 2855 2134 2912 est
2184 2851 2351 2913 moia
2374 2851 2636 2916 ?-fab-

349 2956 473 3014 rica
503 2950 808 3013 ?——turris
831 2948 1167 3011 ?—fanum
1204 2948 1441 3012 ?—Ubi
1507 2954 1610 3010 est
1676 2953 1810 3009 rota
1885 2949 2073 3011 molae
2102 2949 2275 3028 ?—5.
2369 2949 2624 3030 Quales

346 3058 500 3116 sunt
558 3052 711 3114 radii
770 3055 1050 3113 rotarum
1110 3048 1391 3111 currus?
1440 3054 1509 3109 et
1567 3049 1874 3110 molarum
1906 3046 2075 3111 ?—6.
2164 3047 2381 3128 Qual.
2422 3100 2437 3115 .
2473 3058 2636 3116 sunt

344 3153 575 3217 camini
594 3153 702 3232 qui
732 3156 886 3214 sunt
914 3152 1091 3212 iuxta
1115 3148 1313 3211 fabric
1350 3196 1365 3211 .
1406 3195 1419 3211 .
1448 3148 1624 3224 ?-7.
1658 3145 1825 3211 Sunt
1847 3148 2040 3210 etiam
2073 3150 2304 3211 camini
2327 3168 2620 3215 casarum

344 3254 534 3316 valde
562 3254 674 3315 alti
705 3258 772 3314 et
815 3251 926 3313 lati
954 3248 1245 3327 ?—Qual
1272 3296 1286 3311 .
1327 3295 1342 3310 .
1391 3253 1545 3310 sunt
1577 3247 1746 3327 ?—‚—8.
1793 3246 1968 3325 Quae
2011 3254 2165 3311 sunt
2194 3250 2622 3315 instrumenta

344 3360 537 3417 acuta
571 3352 747 3435 ?—-9.
840 3332 1017 3429 Quid
1076 3354 1179 3412 est
1249 3348 1457 3411 forfex
1488 3346 1732 3410 ?—sica
1747 3346 2184 3411 ?—novacula
2218 3348 2434 3413 ?—10.
2526 3353 2621 3415 Ad

341 3454 489 3535 quid
520 3459 674 3517 sunt
702 3453 1133 3514 instrumenta
1163 3450 1302 3511 haec
1332 3448 1549 3510 ?——11.
1641 3445 1808 3511 Sunt
1837 3446 2172 3510 manubria
2217 3448 2297 3510 ad
2329 3451 2631 3515 scinden·

342 3556 491 3618 dum
522 3553 792 3616 ?-sunt
821 3556 1011 3614 acuta
1046 3550 1256 3612 ?-12.
1347 3547 1522 3626 Quid
1555 3552 1657 3610 est
1685 3548 1766 3611 ad
1798 3548 2115 3609 suendum
2151 3547 2174 3610 ?

389 3686 514 3729 *The
533 3688 741 3737 question
763 3686 803 3726 is
824 3685 869 3725 in
889 3684 1107 3741 singular:
1162 3680 1371 3773 insnum
1389 3692 1454 3723 we
1474 3681 1637 3722 should
1657 3681 1744 3721 ask
1769 3692 1864 3731 quae
1880 3693 1957 3725 res.
1977 3681 2097 3721 what
2113 3681 2307 3731 things?
2338 3679 2437 3724 The
2456 3695 2621 3726 reason

340 3742 397 3786 is,
417 3740 516 3780 that
534 3750 641 3788 quae,
661 3738 740 3777 the
767 3740 923 3778 neuter
948 3735 998 3775 or
1080 3734 1129 3773 ad
1152 3742 1211 3774 an
1269 3734 1393 3783 quod.
1416 3734 1457 3773 is
1477 3743 1589 3781 very
1619 3730 1849 3772 indefinite
1877 3732 1967 3772 and
1994 3741 2161 3782 vagno.
2189 3729 2296 3774 Just
2321 3732 2412 3775 like
2432 3734 2478 3775 in
2498 3732 2633 3787 Eut--

341 3791 430 3832 nsh
451 3800 462 3838 ;
487 3789 622 3834 what.
642 3789 785 3837 sing„
806 3797 856 3827 or
873 3784 986 3827 what
1000 3788 1019 3824 t
1056 3786 1149 3833 'aga

1444 3950 1512 3989 20
