2994 4445
1152 496 1483 563 PENSUM
1537 497 1854 563 PRIMUM

294 679 483 753 Hoec,
515 681 662 753 ista,

291 797 399 851 ea,
433 778 574 853 illa,
1185 830 1213 858 ‚
2148 762 2254 870 .

297 895 475 960 quoe,
899 864 1215 928 Punctum
1246 865 1454 930 tenue.
1876 866 2194 930 Punctum
2227 883 2535 930 crassum.

298 978 542 1060 qualiS,

978 1106 1023 1152 ο
1859 1086 1934 1160 [l

844 1165 1188 1228 rotundum
1712 1166 2097 1246 quadratum
2118 1159 2128 1178 ’

480 1295 635 1374 Hoc,
669 1296 837 1376 quod
870 1304 972 1360 est
999 1300 1356 1370 rotundum,
1384 1303 1486 1361 est
1509 1304 1819 1380 punctum
1831 1321 1847 1377 ;
1880 1299 1992 1362 sed
2039 1300 2212 1376 illud,
2273 1300 2442 1379 quod
2501 1317 2592 1363 ro·

300 1396 585 1458 tundum
620 1414 748 1460 non
779 1401 901 1470 est,
936 1402 1039 1460 est
1067 1398 1475 1477 quadratum.

328 1527 456 1605 2lic,
1700 1532 1805 1595 ille

314 1626 452 1706 iste,
1035 1647 1133 1748 O
1152 1684 1185 1720 Α
1727 1649 1783 1694 25
2254 1665 2298 1712 Ο
2321 1671 2351 1710 Β

310 1727 425 1810 qui
828 1747 1103 1811 circulus
1135 1766 1405 1829 magnus
2000 1713 2274 1777 essemus
2298 1732 2535 1795 parvus

310 1829 517 1910 qualis

481 1944 685 2010 Etiam
718 1948 837 2010 hoc
869 1953 972 2011 est
1002 1950 1367 2026 rotundum,
1404 1950 1518 2012 sed
1549 1954 1858 2030 punctum
1894 1966 2019 2012 non
2051 1954 2174 2012 est.
2206 1982 2292 1994 —
2321 1948 2451 2011 l-loc
2497 1954 2598 2011 est

311 2045 610 2110 circulus.
642 2081 728 2093 -—
750 2046 1052 2111 Circulus
1080 2048 1183 2112 hic
1212 2054 1315 2112 est
1336 2051 1423 2125 A,
1460 2049 1564 2110 ille
1594 2050 1800 2112 autem
1831 2054 1934 2111 est
1960 2049 2046 2126 B;
2107 2049 2382 2110 circulus
2409 2049 2473 2111 A
2497 2054 2600 2110 est

314 2162 605 2225 magnus,
636 2145 911 2210 circulus
940 2154 1159 2212 autem
1190 2149 1243 2212 B
1271 2153 1374 2211 est
1402 2166 1667 2232 parvus,
1699 2184 1785 2194 —
1813 2147 1958 2228 Qui
1984 2147 2258 2210 circulus
2301 2154 2404 2210 est
2459 2165 2599 2229 par-

314 2263 440 2329 yus
471 2246 494 2309 ?
525 2246 761 2326 Qualis
790 2255 893 2313 est
920 2248 1193 2312 circulus
1221 2252 1285 2314 A
1315 2250 1340 2313 ?
1365 2285 1451 2296 —
1480 2250 1593 2313 Est
1616 2252 1733 2313 hoc
1768 2251 1795 2328 (
1839 2281 1856 2299 ·
1892 2248 2278 2327 >rotundum
2310 2248 2432 2305 ?-
2462 2249 2597 2312 Est!

318 2346 430 2409 Est
458 2348 578 2410 hoc
608 2347 881 2411 circulus
911 2367 1185 2431 magnus
1213 2367 1300 2412 an
1327 2367 1570 2431 parvus
1602 2348 1862 2413 ?—Non
1893 2355 1996 2411 est
2021 2370 2036 2426 ;
2072 2350 2191 2411 hoc
2223 2348 2373 2412 καθ’*
2404 2350 2599 2410 circu-

318 2448 417 2508 lus
447 2464 721 2528 magnus
752 2455 853 2512 est
882 2467 989 2513 nec
1009 2467 1274 2531 parvuS,
1308 2452 1417 2513 sed
1445 2455 1758 2531 punctum
1803 2466 2100 2532 parvum.

482 2563 659 2643 Quid
690 2571 792 2629 est
820 2565 993 2638 illud,
1023 2566 1190 2646 quod
1225 2583 1343 2628 nec
1374 2571 1684 2646 punctum
1717 2572 1840 2644 est,
1878 2582 1995 2628 nec
2028 2566 2321 2643 circulus,
2359 2566 2600 2647 neque”

319 2664 485 2726 linea
516 2665 540 2727 ?
590 2665 766 2742 Illud,
798 2666 966 2745 quod
1001 2683 1118 2728 nec
1149 2672 1459 2747 punctum
1492 2672 1615 2741 est,
1654 2683 1771 2728 nec
1803 2666 2098 2741 circulus,
2137 2682 2346 2744 neque
2406 2667 2596 2741 linea,

320 2770 419 2827 est
446 2765 855 2845 quadratum.

323 2948 440 3003 icle:
467 2948 587 3004 that
608 2964 915 3004 sana—21.
944 2947 1346 3013 Neither-nor,
1375 2950 1472 3004 but
1494 2988 1508 3003 .
1539 2988 1552 3003 .
1584 2963 1753 3002 .-22.
1783 2949 1829 3002 Α
1856 2950 2094 3015 particle,
2121 2950 2434 3015 equivalent
2458 2952 2512 3003 to
2535 2958 2599 3012 et,

323 3030 441 3087 here
461 3051 626 3102 neque,
655 3047 754 3090 nor
776 3036 886 3100 yet.
2577 3038 2582 3043 “

1146 3214 1758 3279 GRAMMATICA.

384 3364 559 3421 There
582 3381 673 3421 are
698 3382 769 3421 no
794 3368 1005 3422 articles
1030 3367 1084 3423 in
1113 3364 1293 3421 Latin.

385 3448 469 3504 All
497 3448 655 3504 Latin
682 3464 862 3505 nouns
884 3464 976 3504 are
997 3449 1165 3504 either
1190 3449 1506 3513 masculine,
1531 3450 1810 3513 feminine,
1837 3464 1897 3503 or
1922 3452 2121 3503 neuter.

386 3530 501 3587 The
545 3531 748 3597 gender
793 3533 852 3587 of
896 3532 989 3587 the
1030 3546 1210 3586 nouns
1251 3533 1304 3586 in
1346 3536 1490 3587 most
1531 3546 1688 3586 cases
1727 3532 1776 3585 is
1800 3531 2066 3585 indicated
2090 3533 2166 3599 by
2191 3531 2327 3586 their
2348 3531 2595 3597 endings.

331 3614 511 3671 Nouns
532 3614 736 3683 ending
759 3615 813 3669 in
836 3635 896 3671 us
918 3630 1009 3670 are
1030 3615 1311 3684 generally
1336 3615 1457 3680 (not
1478 3612 1719 3681 always)
1737 3618 2001 3669 masculine
2027 3613 2173 3679 (m.),
2200 3615 2356 3669 those
2380 3617 2432 3669 in
2457 3635 2490 3669 a
2513 3630 2603 3669 are

329 3700 571 3753 feminine
597 3696 713 3765 (f.),
740 3697 850 3752 and
872 3718 956 3753 um
980 3697 1240 3753 indicates
1266 3701 1450 3752 neuter
1475 3695 1582 3763 (n.)
1631 3697 1852 3763 gender.
1925 3694 2192 3760 Circulus,
2231 3698 2597 3766 accordingly,

330 3784 371 3836 is
393 3797 485 3848 m.;
511 3782 667 3845 linea,
691 3783 758 3846 f..
784 3781 947 3837 while
969 3784 1236 3850 punctum,
1263 3779 1612 3849 quadratum,
1640 3779 1750 3835 and
1773 3794 2003 3847 pensum
2029 3793 2119 3833 are
2143 3783 2339 3834 neuter.

1444 3962 1469 4014 3
