2994 4445
379 905 463 951 m.

339 1004 462 1081 hic,

340 1103 483 1180 iste,

340 1203 465 1279 ille,

339 1303 469 1381 qui,

340 1402 503 1481 quis,

340 1502 414 1575 is,

366 1769 448 1825 m»

342 1869 428 1944 hi,

344 1968 468 2045 isti,
524 1952 535 1965 '

344 2069 451 2145 ini,

344 2168 472 2248 qui»

343 2269 473 2348 qui,

346 2368 407 2445 ii,

1256 464 1704 531 PALAESTRA

1159 655 1293 708 ΟΤΗ
1301 655 1383 707 ER
1420 653 1774 707 PARTICLES
1795 666 1808 704 :

639 775 813 828 ΝΟΜ.
850 773 1024 825 sino.
1896 770 2050 821 ACC.
2089 769 2262 844 SIONG.

711 883 766 968 fi
1215 903 1273 948 n.
1626 901 1705 946 m.
2095 880 2138 956 f.
2521 902 2592 946 n.

679 1003 843 1080 haec,
1159 1001 1278 1062 hoc
1573 1000 1759 1071 hunc,
2010 999 2193 1071 hanc,
2450 999 2567 1064 hoc

678 1102 826 1179 ista,
1153 1100 1323 1162 istud
1565 1099 1780 1170 istum,
2005 1099 2215 1175 istam,
2442 1099 2636 1164 istud

678 1202 806 1278 illa,
1157 1199 1309 1262 illud
1568 1199 1772 1271 illum,
2003 1198 2205 1271 illam,
2440 1199 2618 1262 illud

669 1318 839 1381 quae,
1150 1300 1319 1379 quod
1565 1317 1764 1381 quem,
2000 1315 2210 1380 quam,
2442 1302 2610 1381 quod

674 1419 823 1481 quae
854 1400 1066 1480 (qua),
1156 1400 1305 1480 quid
1568 1416 1763 1481 quem,
2003 1415 2207 1480 quam,
2439 1398 2597 1481 quid

680 1519 779 1572 ea,
1156 1500 1215 1562 id
1564 1516 1725 1571 eum,
2003 1516 2159 1571 eam,
2441 1499 2510 1562 id

641 1656 815 1706 ΝΟΜ.
856 1656 1047 1708 PLUR.
1871 1652 2113 1704 Aecus.
2141 1653 2330 1705 PLUR.

770 1749 830 1833 f.
1199 1769 1258 1813 n,
1705 1766 1790 1812 m.
2131 1745 2188 1830 f.
2525 1769 2584 1814 n.

731 1869 857 1944 hae‚
1155 1868 1295 1928 haec
1671 1865 1802 1937 hos,
2093 1865 2230 1942 has,
2506 1867 2631 1930 hoec

723 1968 887 2044 istae,
1143 1967 1266 2029 ista
1657 1964 1832 2037 istos,
2073 1964 2253 2038 istas,
2487 1966 2614 2031 ista

728 2067 877 2143 illae,
1154 2066 1259 2128 illa
1666 2064 1832 2137 illos,
2086 2064 2255 2138 illas,
2498 2068 2616 2130 illa

726 2184 896 2248 quae,
1150 2183 1299 2246 quae
1669 2181 1838 2247 quos,
2090 2182 2264 2248 quas,
2501 2185 2633 2251 quae

727 2284 899 2347 quae,
1153 2284 1303 2346 quae
1667 2282 1836 2348 qum,
2089 2283 2262 2347 quas,
2500 2286 2633 2350 quae

732 2383 853 2443 eae,
1155 2384 1233 2429 ea
1665 2383 1784 2438 eos,
2083 2382 2207 2438 eas,
2495 2386 2568 2431 ea

990 2514 1442 2580 EXERCITIA
1488 2513 2008 2579 SCRIBENDA.

1110 2656 1199 2705 AD
1238 2655 1509 2705 ΡεΝευΜ
1544 2654 1859 2706 Teanum.

436 2785 490 2834 1.
582 2766 760 2847 Quid
819 2767 973 2830 facit
1016 2768 1265 2848 cylindr
1301 2816 1315 2831 .
1356 2816 1371 2831 .
1406 2766 1747 2830 ?—candel
1786 2812 1802 2830 .
1841 2812 1856 2829 .
1885 2763 2060 2828 ?—2.
2155 2765 2275 2831 Ubi
2320 2774 2432 2857 est=
2466 2771 2632 2832 linea

346 2886 536 2949 tertia
561 2884 962 2948 ?—secunda
981 2884 1160 2963 ?-—3.
1240 2882 1416 2963 Quid
1448 2884 1602 2946 facit
1633 2882 1828 2962 angul
1867 2928 1882 2945 .
1915 2929 1930 2945 .
1965 2881 2140 2959 ?—4.
2222 2882 2401 2961 Quid
2435 2888 2633 2979 habet

347 3012 734 3092 triangulum
766 3010 941 3090 ?—5.

1056 3010 1177 3074 Ubi
1249 3016 1349 3073 est
1408 3016 1718 3091 punctum
1781 3004 2628 3105 (oO)?—circulus?—-6.

257 3156 266 3161 “
302 3222 305 3225 ,
351 3143 472 3209 Ubi
502 3150 605 3207 est
632 3150 941 3225 punctum
975 3134 1150 3234 (Ο.
1166 3137 1279 3233 Δ)
1303 3137 1477 3221 Ρ-7,
1568 3129 1743 3223 Quid
1775 3153 1878 3209 est
1905 3165 2057 3209 casa
2081 3145 2255 3209 ?—8.
2363 3145 2545 3225 Quot
2577 3123 2635 3209 δὲ

347 3270 522 3349 qual.
561 3316 576 3333 .
610 3269 879 3332 fenestr.
920 3316 934 3332 .
969 3270 1171 3330 habet
1199 3286 1350 3331 casa
1375 3268 1679 3349 ?-quale
1723 3277 1966 3335 tectum
1992 3271 2260 3351 ?—quot
2303 3274 2536 3335 camin.
2576 3273 2630 3335 .?

346 3405 493 3469 —-9.
558 3386 671 3449 Est
699 3386 968 3448 candela
998 3403 1190 3466 super
1212 3391 1345 3448 tect
1381 3433 1395 3449 .
1436 3433 1450 3449 .
1496 3385 1803 3469 ?—super
1826 3389 1973 3467 quid
1995 3394 2097 3450 est
2128 3387 2344 3451 ?-—10.
2397 3388 2636 3467 Qualia

350 3507 505 3567 sunt
530 3508 705 3566 tecta
734 3520 883 3582 quae
912 3508 1068 3565 sunt
1095 3520 1287 3583 super
1316 3504 1516 3584 palat.
1550 3550 1563 3566 .
1599 3503 1743 3567 ?—1
1762 3522 1814 3569 1.
1907 3505 2018 3567 Est
2048 3505 2206 3567 sella
2237 3523 2429 3586 super
2462 3524 2636 3569 men-

352 3639 384 3684 s
418 3668 433 3685 .
472 3668 486 3684 .
521 3620 744 3683 ?—ubi
776 3625 877 3682 est
905 3619 1121 3683 ?—12.
1158 3618 1324 3683 Sunt
1347 3638 1448 3698 ea,
1471 3638 1622 3700 quae
1645 3622 1845 3701 (those
1865 3622 2034 3700 that)
2049 3623 2283 3687 camin.
2323 3672 2338 3687 .
2366 3626 2631 3701 habent,

276 3762 280 3766 ¹
355 3753 605 3801 mensae
639 3735 908 3836 &sellae
938 3736 961 3799 ?
1052 3736 1201 3815 quid
1232 3742 1386 3801 sunt
1416 3736 1439 3799 ?

1482 3936 1546 3983 14
