2994 4445
1202 529 1656 600 PALAESTRA

285 713 468 772 which
491 713 584 771 the
605 714 760 771 other
781 713 1042 784 depends,
1068 712 1314 781 signifies
1340 713 1570 780 motion,
1618 713 1728 770 like
1741 724 1956 786 pergen,
1984 719 2071 779 ire,
2096 718 2153 771 to
2176 728 2271 782 go,
2296 713 2389 771 the
2423 712 2577 773 other

284 799 420 854 verb
463 798 574 854 will
621 801 717 853 not
759 798 894 853 take
940 796 1213 853 Infinitive
1256 798 1311 853 in
1360 796 1541 863 Latin,
1588 798 1687 853 but
1724 802 1966 867 naphtam.
2039 797 2122 853 As
2163 812 2252 853 we
2287 796 2447 854 mark
2482 798 2577 855 the

285 881 543 951 supinum
568 882 629 937 of
648 894 820 950 every
842 882 995 947 verb,
1022 881 1172 937 there
1193 881 1303 937 will
1326 880 1394 936 be
1430 895 1504 936 no
1542 879 1808 951 difficulty
1853 884 1910 936 to
1953 879 2070 936 find
2114 880 2226 936 and
2269 880 2490 951 empioy
2511 882 2573 938 it.

286 964 387 1020 As:
411 966 605 1021 labom'
625 968 694 1029 vi,
719 973 844 1029 tum,
870 965 963 1020 the
977 963 1104 1029 last,
1131 968 1431 1028 laboratum,
1448 963 1496 1018 is
1509 962 1602 1019 the
1623 964 1900 1033 supinum.
1939 960 2222 1032 Examp1e=
2248 961 2383 1032 Quo
2397 977 2576 1033 perge-

285 1061 412 1103 mus
430 1061 555 1103 cras
579 1049 773 1103 mane?
810 1045 961 1104 Cras
985 1062 1147 1103 mane
1165 1048 1458 1103 laboratum
1478 1045 2066 1116 pergemus—Quando
2079 1061 2365 1117 pergemus
2378 1047 2573 1103 dormi·

284 1140 390 1187 tum
406 1129 599 1186 ?-Heri
640 1129 943 1199 quadrante
992 1135 1119 1202 post
1154 1145 1358 1186 nonam
1400 1131 1631 1187 cubitum
1668 1134 2016 1200 perreximus,
2070 1130 2168 1188 sed
2201 1134 2353 1188 nocte
2387 1132 2576 1190 futura

283 1213 565 1272 dormitum
585 1214 796 1271 tardius
821 1214 1023 1271 ibimus
1047 1215 1143 1280 (eo,
1167 1227 1261 1270 we
1277 1213 1419 1274 shall
1441 1212 1562 1281 go).

908 1365 1361 1445 ExERcmA
1407 1360 1924 1446 semesum.

997 1511 1106 1570 AD
1134 1511 1440 1572 PENSUM
1467 1510 1860 1571 DECIMUM.

372 1645 429 1693 1.
478 1625 655 1709 Quid
704 1635 806 1693 est
856 1629 1065 1693 hora?
1132 1631 1450 1694 minutum
1510 1630 1868 1694 secundum
1898 1629 1923 1693 ?
1954 1644 2131 1694 -2.
2181 1625 2359 1709 Quid
2416 1635 2572 1695 sunt

281 1729 645 1812 septimana
675 1728 993 1794 ?·-mensis
1015 1728 1304 1793 ?-annus
1341 1729 1519 1810 ?··-3·
1587 1729 1910 1793 Enumera
1966 1729 2106 1793 dies
2151 1729 2569 1811 septimanaei

282 1846 546 1893 menses
602 1830 755 1892 anni
777 1830 940 1907 !-—4.
990 1828 1147 1910 Quo
1191 1831 1461 1908 minuto,
1522 1845 1651 1909 qua
1709 1831 1890 1908 hora,
1950 1833 2147 1909 quoto
2203 1830 2328 1908 die,
2387 1831 2573 1894 cuius

283 1929 525 1993 mensis
554 1934 657 1992 est
685 1928 833 1993 finis
864 1931 1046 2010 (end)
1077 1930 1230 1992 anni
1252 1928 1428 2009 2-5.
1478 1927 1767 2009 Quando
1796 1928 2053 1994 finietur
2106 1929 2266 2011 (will
2299 1931 2383 1993 be
2413 1930 2569 1993 end·

280 2029 396 2108 ed)
441 2030 753 2092 saeculum
797 2028 1074 2093 XIX—um
1104 2028 1283 2093 2-6.
1333 2027 1624 2109 Quando
1654 2029 1935 2112 reperuit
1966 2030 2328 2093 Americam
2378 2027 2569 2094 Chri·

282 2127 626 2211 stophorus
657 2126 1022 2192 Columbus
1045 2127 1221 2206 ?—7.
1271 2127 1427 2209 Quo
1457 2146 1633 2192 anno
1662 2134 1765 2192 est
1787 2134 1982 2194 natus
1998 2129 2224 2209 (born)
2247 2127 2571 2210 Georgius

282 2228 711 2310 Washington
750 2229 927 2294 ?-8.
977 2225 1264 2309 Quando
1320 2230 1441 2292 fuit
1491 2230 1758 2293 libertas
1812 2230 2137 2293 vindicata
2170 2229 2349 2313 ?—9.
2397 2228 2570 2310 Quis

282 2330 495 2410 (who)
525 2334 629 2394 est
657 2330 832 2413 piger
860 2328 1074 2393 ?-10.
1120 2327 1466 2409 Quomodo
1497 2328 1732 2409 (Ιιοωὲ)
1761 2327 1929 2393 fiunt
1957 2322 2184 2394 domus
2228 2329 2563 2394 formidae?

279 2445 469 2494 -ιι,
515 2427 779 2509 Quibus
816 2427 1216 2511 temporibus
1274 2431 1427 2492 anni
1495 2435 1599 2493 est
1643 2428 1919 2493 calidum
1957 2428 2323 2511 ?-frigidum
2347 2427 2564 2495 ?-—12.

284 2527 471 2609 Quot
511 2531 705 2593 horas
733 2529 1008 2597 dormire
1035 2534 1141 2593 est
1168 2534 1272 2591 sat
1295 2527 1602 2610 2-quibus
1633 2531 1731 2609 (to
1760 2531 1999 2608 whom,
2032 2530 2158 2613 pi.)
2187 2529 2212 2593 ἰ

1396 3971 1464 4029 39
